
    <zs:record>
      <zs:recordSchema/>
      <zs:recordPacking>xml</zs:recordPacking>
      <zs:recordData>
        <record xmlns="http://www.loc.gov/MARC21/slim">
          <leader>00927cam a22002651  4500</leader>
          <controlfield tag="001">744880</controlfield>
          <controlfield tag="005">19900611065335.4</controlfield>
          <controlfield tag="008">771116s1894    enk           000 0 eng  </controlfield>
          <datafield tag="035" ind1=" " ind2=" ">
            <subfield code="9">(DLC)   04022285</subfield>
          </datafield>
          <datafield tag="906" ind1=" " ind2=" ">
            <subfield code="a">7</subfield>
            <subfield code="b">cbc</subfield>
            <subfield code="c">orignew</subfield>
            <subfield code="d">u</subfield>
            <subfield code="e">ocip</subfield>
            <subfield code="f">19</subfield>
            <subfield code="g">y-gencatlg</subfield>
          </datafield>
          <datafield tag="010" ind1=" " ind2=" ">
            <subfield code="a">   04022285 </subfield>
          </datafield>
          <datafield tag="040" ind1=" " ind2=" ">
            <subfield code="a">DLC</subfield>
            <subfield code="c">DSI</subfield>
            <subfield code="d">DLC</subfield>
          </datafield>
          <datafield tag="043" ind1=" " ind2=" ">
            <subfield code="a">a-cc---</subfield>
          </datafield>
          <datafield tag="050" ind1="0" ind2="0">
            <subfield code="a">CB301</subfield>
            <subfield code="b">.S6</subfield>
          </datafield>
          <datafield tag="100" ind1="1" ind2=" ">
            <subfield code="a">Simcox, E. J.</subfield>
            <subfield code="q">(Edith Jemima)</subfield>
          </datafield>
          <datafield tag="245" ind1="1" ind2="0">
            <subfield code="a">Primitive civilizations;</subfield>
            <subfield code="b">or, Outlines of the history of ownership in archaic communities,</subfield>
            <subfield code="c">by E. J. Simcox ...</subfield>
          </datafield>
          <datafield tag="260" ind1=" " ind2=" ">
            <subfield code="a">London,</subfield>
            <subfield code="b">S. Sonnenschein &amp; co.;</subfield>
            <subfield code="a">New York,</subfield>
            <subfield code="b">Macmillan &amp; co.,</subfield>
            <subfield code="c">1894.</subfield>
          </datafield>
          <datafield tag="300" ind1=" " ind2=" ">
            <subfield code="a">2 v.</subfield>
            <subfield code="c">23 cm.</subfield>
          </datafield>
          <datafield tag="500" ind1=" " ind2=" ">
            <subfield code="a">Vol. 2 deals chiefly with China.</subfield>
          </datafield>
          <datafield tag="650" ind1=" " ind2="0">
            <subfield code="a">Primitive property.</subfield>
          </datafield>
          <datafield tag="650" ind1=" " ind2="0">
            <subfield code="a">Civilization, Ancient.</subfield>
          </datafield>
          <datafield tag="651" ind1=" " ind2="0">
            <subfield code="a">China</subfield>
            <subfield code="x">Civilization.</subfield>
          </datafield>
          <datafield tag="952" ind1=" " ind2=" ">
            <subfield code="a">*na20 010 030 150 ff 32 33 06-11-90</subfield>
          </datafield>
          <datafield tag="985" ind1=" " ind2=" ">
            <subfield code="a">SMI/SMI</subfield>
            <subfield code="e">COMARC</subfield>
            <subfield code="f">na20 06-11-90</subfield>
          </datafield>
          <datafield tag="991" ind1=" " ind2=" ">
            <subfield code="b">c-GenColl</subfield>
            <subfield code="h">CB301</subfield>
            <subfield code="i">.S6</subfield>
            <subfield code="t">Copy 1</subfield>
            <subfield code="w">BOOKS</subfield>
          </datafield>
        </record>
      </zs:recordData>
      <zs:recordPosition>2</zs:recordPosition>
    </zs:record>